<collection xmlns="http://www.loc.gov/MARC21/slim">
  <record>
    <controlfield tag="001">FIXME TIBOR </controlfield>
    <datafield tag="024" ind1="7" ind2=" ">
      <subfield code="2">DOI</subfield>
      <subfield code="a">10.7483/OPENDATA.CMS.WYJG.FYK9</subfield>
    </datafield>
    <datafield tag="110" ind1=" " ind2=" ">
      <subfield code="a">CMS collaboration</subfield>
    </datafield>
    <datafield tag="245" ind1=" " ind2=" ">
      <subfield code="a">CMS Software Version 5_3_32 (CMSSW_5_3_32)</subfield>
    </datafield>a
    <datafield tag="260" ind1=" " ind2=" ">
      <subfield code="b">CERN Open Data Portal</subfield>
      <subfield code="c">2016</subfield>
    </datafield>
    <datafield tag="264" ind1=" " ind2="0">
      <subfield code="c">2011</subfield>
    </datafield>
    <datafield tag="516" ind1=" " ind2=" ">
      <subfield code="a">Use this with primary datasets from 2011</subfield>
    </datafield>
    <datafield tag="520" ind1=" " ind2=" ">
      <subfield code="a"> CMS Software Version 5_3_32</subfield>
    </datafield>
    <datafield tag="540" ind1=" " ind2=" ">
      <subfield code="a">Apache Lisense, Version 2.0</subfield>
    </datafield>
    <datafield tag="567" ind1=" " ind2=" ">
      <subfield code="a">In order to analyse only the "good quality" data,
you must apply some selection criteria. You can specify your initial selection criteria within the analyzer 
to perform your analysis directly on the AOD files, or further elaborate the selections and other operations 
needed for analyzing the reduced dataset. To learn more about configuring analyzers, follow these instructions 
in the CMSSW WorkBook. Make sure, though, that you replace the release version (CMSSW_nnn) with the release that 
you are using, i.e. one that is compatible with the CMS open data.  Be aware that the instructions in the WorkBook 
are in use in CMS currently and have been updated for more recent CMSSW releases. Also note that more recent code does not work with 
older releases, so whenever you see git cms-addpkg… in the instruction, it is likely that the code package this command 
adds does not work with the release you need.</subfield>
      <subfield code="u">http://opendatadev.cern.ch/getting-started/CMS</subfield>
    </datafield>
    <datafield tag="583" ind1=" " ind2=" ">
      <subfield code="a"> VALIDATION TEXT </subfield>
      <subfield code="u">http://opendatadev.cern.ch/getting-started/CMS</subfield>
    </datafield>
    <datafield tag="693" ind1=" " ind2=" ">
      <subfield code="a">CERN-LHC</subfield>
      <subfield code="e">CMS</subfield>
    </datafield>
    <datafield tag="581" ind1=" " ind2=" ">
      <subfield code="a">See the run instructions in</subfield>
      <subfield code="u">http://opendatadev.cern.ch/getting-started/CMS</subfield>
      <subfield code="y">LINK NAMING</subfield>
    </datafield>
    <datafield tag="856" ind1="4" ind2=" ">
      <subfield code="u">FIXME TIBOR</subfield>
    </datafield>
    <datafield tag="980" ind1=" " ind2=" ">
      <subfield code="a">CMS-Tools</subfield>
    </datafield>
    <datafield tag="980" ind1=" " ind2=" ">
      <subfield code="b">Research</subfield>
    </datafield>
  </record>
</collection>